@misc{Versuchsanleitung,
    author = {Behrendt, V. and Dulitz, K.},
    title = {{Experimental Instructions: Applied Physics Master Laboratory, Pr:YLF Laser}},
    year = {May 2017},
}

@book{wilke,
    author = {Wilke, K.-Th. and Bohm, J.},
    title = {Kristallz√ºchtung},
    publisher = {VEB Deutscher Verlag der Wissenschaften},
    address = {Berlin},
    year = {1988},
}

@book{crc,
    author = {D. Lide (ed.)},
    title = {Handbook of Chemistry and Physics},
    publisher = {CRC Press},
    address = {Boca Raton},
    year = {2004},
}

@misc{NaNO,
  title = {Sicherheitsdatenblatt {Natriumnitrat}},
  howpublished = {\url{https://www.carlroth.com/downloads/sdb/de/A/SDB_A136_AT_DE.pdf}},
  note = {Accessed: 2017-04-30}
}

@Misc{NIST_ASD,
author = {A.~Kramida and {Yu.~Ralchenko} and
J.~Reader and {NIST ASD Team}},
HOWPUBLISHED = {{NIST Atomic Spectra Database
(ver. 5.3), [Online]. Available:
{http://physics.nist.gov/asd} [2017, June 17].
National Institute of Standards and Technology,
Gaithersburg, MD.}},
year = {2015},
}

